@book{rappaport2009comunicações,
  title={Comunica{\c{c}}{\~o}es sem fio: principios e pr{\'a}ticas},
  author={Rappaport, T.S.},
  isbn={9788576051985},
  url={https://books.google.com.br/books?id=I\_2HPgAACAAJ},
  year={2009},
  publisher={PRENTICE HALL BRASIL}
}
