@Book{comuni:18,
  author = 	 {Rodrigo P. Cavalcanti},
  title = 	 {Comunicação móvel celular},
  year = 	 {2018},
  edition = 	 {1th}
}

@Book{Haykin:01,
  author = 	 {Simon Haykin},
  title = 	 {Sistemas de comunicação- analógicos e digitais},
  year = 	 {2001},
   edition = 	 {4th}
}

@Book{proakis:11,
  author = 	 {John G. Proakis},
  title = 	 {Contemporary Communication Systems Using
MATLAB®},
  year = 	 {2011},
}
