@Book{comuni:18,
  author = 	 {Rodrigo P. Cavalcanti},
  title = 	 {Comunicação móvel celular},
  year = 	 {2018},
  edition = 	 {1th}
}

@Book{Haykin:01,
  author = 	 {Simon Haykin},
  title = 	 {Sistemas de comunicação- analógicos e digitais},
  year = 	 {2001},
   edition = 	 {4th}
}

@Book{proakis:11,
  author = 	 {John G. Proakis},
  title = 	 {Contemporary Communication Systems Using
MATLAB®},
  year = 	 {2011},
}
@book{Cho:2010:MWC:1951613,
 author = {Cho, Yong Soo and Kim, Jaekwon and Yang, Won Young and Kang, Chung G.},
 title = {MIMO-OFDM Wireless Communications with MATLAB},
 year = {2010},
 isbn = {0470825618, 9780470825617},
 publisher = {Wiley Publishing},
} 
@article{Weiss2004SpectrumPA,
  title={Spectrum pooling: an innovative strategy for the enhancement of spectrum efficiency},
  author={Timo Weiss and Friedrich Jondral},
  journal={IEEE Communications Magazine},
  year={2004},
  volume={42},
  pages={S8-14}
}
@book{Lathi:2009:MDA:541365,
 author = {Lathi, Bhagwandas P.},
 title = {Modern Digital and Analog Communication Systems},
 year = {2009},
 isbn = {0030284074},
 edition = {4nd},
 publisher = {Oxford University Press, Inc.},
 address = {New York, NY, USA},
} 
